%% This BibTeX bibliography file was created using BibDesk.
%% http://bibdesk.sourceforge.net/


%% Created for Kellie Ottoboni at 2017-09-24 12:36:35 -0700 


%% Saved with string encoding Unicode (UTF-8) 



@article{holland_1986_statistics,
	Author = {Holland, Paul W.},
	Date-Added = {2017-09-19 21:21:52 +0000},
	Date-Modified = {2017-09-19 21:22:29 +0000},
	Journal = {Journal of the American Statistical Association},
	Number = {396},
	Pages = {945-960},
	Title = {Statistics and Causal Inference},
	Volume = {81},
	Year = {1986}}

@article{freedman_regression_2008,
	Author = {Freedman, David A.},
	Date-Added = {2017-09-11 20:26:58 +0000},
	Date-Modified = {2017-09-11 20:27:43 +0000},
	Journal = {Advances in Applied Mathematics},
	Pages = {180--193},
	Title = {On regression adjustments to experimental data},
	Volume = {40},
	Year = {2008}}

@book{vexler_statistical_2016,
	Author = {Vexler, Albert and Hutson, Alan D and Chen, Xiwei},
	Date-Added = {2017-08-24 18:40:24 +0000},
	Date-Modified = {2017-09-24 19:36:22 +0000},
	Publisher = {CRC Press},
	Title = {Statistical {T}esting {S}trategies in the {H}ealth {S}ciences},
	Year = {2016}}

@book{lehmann_nonparametrics_1975,
	Address = {San Francisco, California},
	Author = {Lehmann, Erich L.},
	Date-Added = {2017-08-24 18:36:37 +0000},
	Date-Modified = {2017-08-24 18:39:35 +0000},
	Publisher = {Holden-Day},
	Title = {Nonparametrics: Statistical Methods Based on Ranks},
	Year = {1975}}

@article{kennedy_randomization_1995,
	Author = {Kennedy, Fetter E.},
	Date-Added = {2016-12-20 18:45:52 +0000},
	Date-Modified = {2017-09-24 19:33:20 +0000},
	Journal = {Journal of Business \& Economic Statistics},
	Number = {1},
	Pages = {85--94},
	Title = {Randomization Tests in Econometrics},
	Volume = {13},
	Year = {1995},
	Bdsk-Url-1 = {http://dx.doi.org/10.1080/07350015.1995.10524581}}

@book{manly_randomization_2006,
	Author = {Manly, Bryan F. J.},
	Date-Added = {2016-12-20 18:31:20 +0000},
	Isbn = {978-1-58488-541-2},
	Publisher = {CRC Press},
	Title = {Randomization, {Bootstrap} and {Monte} {Carlo} {Methods} in {Biology}, {Third} {Edition}},
	Year = {2006}}

@article{anderson_empirical_1999,
	Author = {Anderson, Marti J. and Legendre, Pierre},
	Doi = {10.1080/00949659908811936},
	Journal = {Journal of Statistical Computation and Simulation},
	Number = {3},
	Pages = {271--303},
	Title = {An empirical comparison of permutation methods for tests of partial regression coefficients in a linear model},
	Volume = {62},
	Year = {1999},
	Bdsk-Url-1 = {http://dx.doi.org/10.1080/00949659908811936}}

@article{kennedy_randomization_1996,
	Author = {Kennedy, Peter E. and Cade, Brain S.},
	Doi = {10.1080/03610919608813350},
	Journal = {Communications in Statistics - Simulation and Computation},
	Number = {4},
	Pages = {923--936},
	Title = {Randomization tests for multiple regression},
	Volume = {25},
	Year = {1996},
	Bdsk-Url-1 = {http://dx.doi.org/10.1080/03610919608813350}}

@article{winkler_permutation_2014,
	Author = {Winkler, Anderson M. and Ridgway, Gerard R. and Webster, Matthew A. and Smith, Stephen M. and Nichols, Thomas E.},
	Doi = {10.1016/j.neuroimage.2014.01.060},
	Journal = {NeuroImage},
	Pages = {381--397},
	Title = {Permutation inference for the general linear model},
	Volume = {92},
	Year = {2014},
	Bdsk-Url-1 = {http://dx.doi.org/10.1016/j.neuroimage.2014.01.060}}

@article{still_approximate_1981,
	Author = {Still, A. W. and White, A. P.},
	Doi = {10.1111/j.2044-8317.1981.tb00634.x},
	Journal = {British Journal of Mathematical and Statistical Psychology},
	Number = {2},
	Pages = {243--252},
	Title = {The approximate randomization test as an alternative to the {F} test in analysis of variance},
	Volume = {34},
	Year = {1981},
	Bdsk-Url-1 = {http://dx.doi.org/10.1111/j.2044-8317.1981.tb00634.x}}

@book{pesarin_permutation_2010,
	Author = {Pesarin, Fortunato and Salmaso, Luigi},
	Date-Modified = {2017-09-24 19:35:15 +0000},
	Publisher = {John Wiley \& Sons, Inc.},
	Title = {Permutation {T}ests for {C}omplex {D}ata: {T}heory, {A}pplications and {S}oftware},
	Year = {2010}}

@article{pitman_significance_1937,
	Author = {Pitman, E. J. G.},
	Doi = {10.2307/2984124},
	Journal = {Supplement to the Journal of the Royal Statistical Society},
	Number = {1},
	Pages = {119--130},
	Title = {Significance Tests Which May be Applied to Samples From any Populations},
	Urldate = {2016-12-16},
	Volume = {4},
	Year = {1937},
	Bdsk-Url-1 = {http://dx.doi.org/10.2307/2984124}}

@article{pitman_significance_1938,
	Author = {Pitman, E. J. G.},
	Doi = {10.2307/2332008},
	Journal = {Biometrika},
	Number = {3/4},
	Pages = {322--335},
	Shorttitle = {Significance Tests which May be Applied to Samples from any Populations},
	Title = {Significance Tests which May be Applied to Samples from any Populations: {III}. {The} Analysis of Variance Test},
	Urldate = {2016-12-16},
	Volume = {29},
	Year = {1938},
	Bdsk-Url-1 = {http://dx.doi.org/10.2307/2332008}}

@article{gail_tests_1988,
	Author = {Gail, M. H. and Tan, W. Y. and Piantadosi, S.},
	Doi = {10.2307/2336434},
	Journal = {Biometrika},
	Number = {1},
	Pages = {57--64},
	Title = {Tests for no treatment effect in randomized clinical trials},
	Volume = {75},
	Year = {1988},
	Bdsk-Url-1 = {http://dx.doi.org/10.2307/2336434}}

@article{zimmerman_two_2006,
	Author = {Zimmerman, Donald W.},
	Doi = {10.1016/j.stamet.2005.10.002},
	Journal = {Statistical Methodology},
	Number = {4},
	Pages = {351--374},
	Title = {Two separate effects of variance heterogeneity on the validity and power of significance tests of location},
	Volume = {3},
	Year = {2006},
	Bdsk-Url-1 = {http://dx.doi.org/10.1016/j.stamet.2005.10.002}}

@article{glass_consequences_1972,
	Author = {Glass, Gene V. and Peckham, Percy D. and Sanders, James R.},
	Doi = {10.2307/1169991},
	Issn = {0034-6543},
	Journal = {Review of Educational Research},
	Number = {3},
	Pages = {237--288},
	Title = {Consequences of Failure to Meet Assumptions Underlying the Fixed Effects Analyses of Variance and Covariance},
	Volume = {42},
	Year = {1972},
	Bdsk-Url-1 = {http://dx.doi.org/10.2307/1169991}}

@article{boik_fisherpitman_1987,
	Author = {Boik, Robert J.},
	Doi = {10.1111/j.2044-8317.1987.tb00865.x},
	Journal = {British Journal of Mathematical and Statistical Psychology},
	Number = {1},
	Pages = {26--42},
	Title = {The {F}isher-{P}itman permutation test: A non-robust alternative to the normal theory {F} test when variances are heterogeneous},
	Volume = {40},
	Year = {1987},
	Bdsk-Url-1 = {http://dx.doi.org/10.1111/j.2044-8317.1987.tb00865.x}}

@article{romano_behavior_1990,
	Author = {Romano, Joseph P.},
	Doi = {10.1080/01621459.1990.10474928},
	Journal = {Journal of the American Statistical Association},
	Number = {411},
	Pages = {686--692},
	Title = {On the Behavior of Randomization Tests without a Group Invariance Assumption},
	Volume = {85},
	Year = {1990},
	Bdsk-Url-1 = {http://dx.doi.org/10.1080/01621459.1990.10474928}}

@article{ludbrook_why_1998,
	Author = {Ludbrook, John and Dudley, Hugh},
	Doi = {10.2307/2685470},
	Journal = {The American Statistician},
	Number = {2},
	Pages = {127--132},
	Title = {Why Permutation Tests Are Superior to t and {F} Tests in Biomedical Research},
	Volume = {52},
	Year = {1998},
	Bdsk-Url-1 = {http://dx.doi.org/10.2307/2685470}}

@article{winter_five-point_2010,
	Author = {de Winter, Dimitra and Dodou, Joost C. F.},
	Date-Modified = {2017-09-24 19:32:49 +0000},
	Journal = {Practical Assessment, Research \& Evaluation},
	Number = {11},
	Pages = {1-12},
	Title = {Five-Point {L}ikert Items: t Test versus {Mann}-{Whitney}-{Wilcoxon}},
	Volume = {15},
	Year = {2010}}

@article{vickers_parametric_2005,
	Author = {Vickers, Andrew J.},
	Doi = {10.1186/1471-2288-5-35},
	Journal = {BMC Medical Research Methodology},
	Pages = {35},
	Title = {Parametric versus non-parametric statistics in the analysis of randomized trials with non-normally distributed data},
	Volume = {5},
	Year = {2005},
	Bdsk-Url-1 = {http://dx.doi.org/10.1186/1471-2288-5-35}}

@article{anderson_permutation_2001,
	Author = {Anderson, Marti J. and Robinson, John},
	Doi = {10.1111/1467-842X.00156},
	Journal = {Australian \& New Zealand Journal of Statistics},
	Number = {1},
	Pages = {75--88},
	Title = {Permutation Tests for Linear Models},
	Volume = {43},
	Year = {2001},
	Bdsk-Url-1 = {http://dx.doi.org/10.1111/1467-842X.00156}}

@article{anderson_permutation_2001-1,
	Author = {Anderson, Marti J},
	Date-Modified = {2017-02-15 18:45:00 +0000},
	Doi = {10.1139/f01-004},
	Journal = {Canadian Journal of Fisheries and Aquatic Sciences},
	Number = {3},
	Pages = {626--639},
	Title = {Permutation tests for univariate or multivariate analysis of variance and regression},
	Volume = {58},
	Year = {2001},
	Bdsk-Url-1 = {http://dx.doi.org/10.1139/f01-004}}

@book{freedman_statistical_2005,
	Author = {Freedman, David A.},
	Publisher = {Cambridge University Press},
	Title = {Statistical Models: Theory and Practice},
	Year = {2005}}

@book{bradley_distribution_1968,
	Author = {Bradley, James V.},
	Date-Modified = {2017-09-24 19:32:32 +0000},
	Publisher = {Prentice-Hall},
	Title = {Distribution-free {S}tatistical {T}ests},
	Year = {1968}}

@article{lin_agnostic_2013,
	Author = {Lin, Winston},
	Date-Modified = {2017-09-11 20:29:01 +0000},
	Journal = {The Annals of Applied Statistics},
	Number = {1},
	Pages = {295--318},
	Title = {Agnostic notes on regression adjustments to experimental data: Reexamining {Freedman}'s critique},
	Volume = {7},
	Year = {2013},
	Bdsk-Url-1 = {http://dx.doi.org/10.1214/12-AOAS583}}

@book{fisher_design_1935,
	Author = {Fisher, Ronald A.},
	Publisher = {New York: Hafner},
	Title = {Design of Experiments},
	Year = {1935}}

@article{neyman_application_1923,
	Author = {Neyman, Jerzy},
	Date-Modified = {2017-09-24 19:34:37 +0000},
	Journal = {Statistical Science},
	Note = {{T}ranslated by Dabrowska, D M and Speed, T P},
	Number = {4},
	Pages = {465--472},
	Title = {On the Application of Probability Theory to Agricultural Experiments. Essay on Principles.},
	Volume = {5},
	Year = {1923}}

@article{freedman_nonstochastic_1983,
	Author = {Freedman, David and Lane, David},
	Doi = {10.2307/1391660},
	Journal = {Journal of Business \& Economic Statistics},
	Number = {4},
	Pages = {292--298},
	Title = {A Nonstochastic Interpretation of Reported Significance Levels},
	Volume = {1},
	Year = {1983},
	Bdsk-Url-1 = {http://dx.doi.org/10.2307/1391660}}

@article{frison_repeated_1992,
	Author = {Frison, Lars and Pocock, Stuart J.},
	Doi = {10.1002/sim.4780111304},
	Journal = {Statistics in Medicine},
	Number = {13},
	Pages = {1685--1704},
	Title = {Repeated measures in clinical trials: Analysis using mean summary statistics and its implications for design},
	Volume = {11},
	Year = {1992},
	Bdsk-Url-1 = {http://dx.doi.org/10.1002/sim.4780111304}}

@article{miratrix_adjusting_2013,
	Author = {Miratrix, Luke W. and Sekhon, Jasjeet S. and Yu, Bin},
	Date-Added = {2016-04-30 20:34:14 +0000},
	Date-Modified = {2017-09-24 19:33:44 +0000},
	Journal = {Journal of the Royal Statistical Society: Series B (Statistical Methodology)},
	Number = {2},
	Pages = {369--396},
	Title = {Adjusting treatment effect estimates by post-stratification in randomized experiments},
	Volume = {75},
	Year = {2013},
	Bdsk-Url-1 = {http://onlinelibrary.wiley.com/doi/10.1111/j.1467-9868.2012.01048.x/abstract},
	Bdsk-Url-2 = {http://dx.doi.org/10.1111/j.1467-9868.2012.01048.x}}

@article{rosenbaum_covariance_2002,
	Author = {Rosenbaum, Paul R.},
	Date-Modified = {2017-09-24 19:35:58 +0000},
	Journal = {Statistical Science},
	Number = {3},
	Pages = {286--327},
	Title = {Covariance Adjustment in Randomized Experiments and Observational Studies},
	Volume = {17},
	Year = {2002},
	Bdsk-Url-1 = {http://dx.doi.org/10.1214/ss/1042727942}}
